@article{matplotlib_repository,
author = {Hunter, John D.},
doi = {10.1109/MCSE.2007.55},
journal = {Computing in Science \& Engineering},
number = {3},
pages = {90--95},
title = {{Matplotlib: A 2D graphics environment}},
volume = {9},
year = {2007}
}

@article{seaborn_repository,
doi = {10.21105/joss.03021},
url = {https://doi.org/10.21105/joss.03021},
year = {2021},
publisher = {The Open Journal},
volume = {6},
number = {60},
pages = {3021},
author = {Michael L. Waskom},
title = {seaborn: statistical data visualization},
journal = {Journal of Open Source Software}
}

@software{plotly_repository,
author = {Kruchten, Nicolas},
doi = {10.5281/zenodo.14366349},
month = sep,
title = {{An interactive, open-source, and browser-based graphing library for Python}},
url = {https://github.com/plotly/plotly.py},
version = {5.24.1},
year = {2024}
}

@misc{kaggle,
author       = "{Kaggle}",
title        = "{Kaggle: Your Machine Learning and Data Science Community}",
year         = 2024,
url          = {https://www.kaggle.com},
note         = "[Accedido: 14 de diciembre de 2024]"
}

@misc{dataset_students,
  title        = {Student Performance Factors},
  url          = {https://www.kaggle.com/datasets/lainguyn123/student-performance-factors},
}

@misc{dataset_visualization,
  collaborators       = {Alexis Cook},
  title        = {Interesting Data to Visualize},
  url          = {https://www.kaggle.com/datasets/alexisbcook/data-for-datavis},
}