@misc{IoT-Oracle,
  title        = {What is IoT?},
  author       = {Oracle},
  howpublished = {\url{https://tex.stackexchange.com/questions/3587/how-can-i-use-bibtex-to-cite-a-web-page}},
  note         = {Accessed: 2025-04}
}

@misc{modulacion-avsystem,
  title        = {Understanding the Role of Modulation in WiFi Radio Transmission},
  author       = {Avsystem},
  howpublished = {\url{https://avsystem.com/blog/role-of-modulation-wifi-radio-transmission}},
  note         = {Accesed: 2025-04}
}

@misc{modulacion-radioacademy,
  author       = {Tait Radio Academy},
  howpublished = {\url{https://www.taitradioacademy.com/topic/how-does-modulation-work-1-1/}},
  title        = {Basic Radio Awareness},
  note         = {Accesed: 2025-04}
}

@misc{ask-unidad3,
  author       = {Tecnológico Nacional de México},
  title        = {Unidad III: Modulación},
  note         = {Accesed: 2025-04},
  howpublished = {\url{https://enlinea.zacatecas.tecnm.mx/pluginfile.php/24436/mod\_resource/content/ask-unidad3}}
}

@misc{modulacion-uv,
  author       = {Juan Manuel Orduña Huertas | Universidad de Valencia},
  howpublished = {\url{https://informatica.uv.es/iiguia/TSTD/presentatema2.pdf}},
  title        = {Fundamentos de Modulación},
  note         = {Accesed: 2025-04}
}

@misc{ventajas-desventajas-ask,
  author       = {AgileVision},
  howpublished = {\url{https://agilevision.io/blog/overview-of-iot-device-communication/}},
  title        = {Overview of IoT Device Communication},
  note         = {Accesed: 2025-04}
}

@inproceedings{inproceedings,
  author = {Rehman, Aqeel-ur and Mehmood, Kashif and Baksh, Ahmed},
  year   = {2013},
  month  = {04},
  pages  = {},
  title  = {Communication Technology That Suits IoT - A Critical Review},
  isbn   = {978-3-642-41053-6},
  doi    = {10.1007/978-3-642-41054-3_2}
}

@article{yin2025low,
  title   = {Low-Complex Waveform, Modulation and Coding Designs for 3GPP Ambient IoT},
  author  = {Yin, Mingxi and Wei, Chao and Takeda, Kazuki and Jia, Yinhua and Xu, Changlong and Zhang, Chengjin and Xu, Hao},
  journal = {arXiv preprint arXiv:2501.08555},
  year    = {2025}
}

@inproceedings{cardarilli2021design,
  title     = {Design and FPGA Implementation of a Low Power OFDM Transmitter for Narrow-Band IoT.},
  author    = {Cardarilli, Gian Carlo and Di Nunzio, Luca and Fazzolari, Rocco and La Cesa, Riccardo and Re, Marco},
  booktitle = {SYSTEM},
  pages     = {60--65},
  year      = {2021}
}